@book{gregory2005bayesian,
  title={Bayesian Logical Data Analysis for the Physical Sciences: A Comparative Approach with Mathematica{\textregistered} Support},
  author={Gregory, Phil},
  year={2005},
  publisher={Cambridge University Press}
}

@article{skilling2006nested,
  title={Nested sampling for general Bayesian computation},
  author={Skilling, John and others},
  journal={Bayesian Analysis},
  volume={1},
  number={4},
  pages={833--859},
  year={2006},
  publisher={International Society for Bayesian Analysis}
}

